1395 2648
256 427 314 458 720
442 433 652 460 utcnmtms,
670 433 730 455 mn.
753 427 836 460 1233,
856 431 916 455 nt-
934 425 1060 456 17-18,

641 554 858 584 APPENDIX.

300 638 1166 670 [Ino-aowluprintedabovesomevoednhswmomim
1202 639 1252 662 Tho

256 677 373 705 following
382 676 403 699 is
412 683 428 699 a
435 677 547 699 corrector
555 682 614 705 copy
624 676 650 699 oi
657 676 695 705 it]

148 748 215 779 ⁷91.
314 743 455 773 Ricardus
467 743 504 772 de
513 743 684 772 Pauleshost
697 743 891 772 summonitus
900 743 958 772 fuit
967 743 1005 773 ad
1015 744 1249 782 respondendum

141 794 219 811 Wflm-
256 789 404 818 Willelmo
430 789 587 819 Kuckewel
613 799 702 827 quare
728 788 879 829 distringit
904 799 972 819 eum
999 790 1037 819 ad
1071 790 1195 820 faciend'
1222 791 1249 820 ei

256 835 478 865 consuetudines
497 839 529 865 et
547 835 670 865 seruicia
688 845 745 874 que
764 835 801 865 de
818 835 882 866 iure
900 837 993 866 facere
1011 847 1070 866 non
1088 837 1180 866 debet
1197 848 1250 866 nec

256 882 337 916 solet,
360 885 391 911 et
413 881 491 910 unde
517 881 589 910 dicit
614 880 692 919 quod
718 891 785 910 cum
811 891 870 911 non
895 881 1002 911 debeat
1027 882 1056 911 ei
1082 882 1120 911 de
1148 883 1249 912 eodem

256 932 424 958 tenemento
443 928 499 956 nisi
518 927 673 956 seruicium
694 927 867 957 forinsecum
890 932 1034 966 quantum
1059 929 1190 967 pertinet
1212 929 1249 958 ad

256 984 345 1003 unam
371 973 515 1013 uirgatam
542 977 618 1002 terre
645 976 676 1002 et
700 972 770 1002 dim.
796 977 827 1002 et
853 977 986 1012 qum-tam
1020 979 1136 1013 partem
1163 976 1250 1004 unius

257 1020 371 1059 uirgate
387 1023 463 1049 terre
480 1029 547 1048 cum
564 1023 638 1058 pert.
651 1019 683 1048 in
700 1018 802 1048 eadem
820 1019 892 1048 uilla
911 1019 972 1058 ipse
992 1020 1086 1059 exigit
1105 1021 1145 1050 ab
1165 1031 1200 1050 eo
1219 1026 1250 1050 et

256 1065 406 1104 distringit
418 1075 485 1094 eum
499 1075 551 1103 pro
563 1064 684 1094 seruicio
697 1068 840 1103 quantum
853 1065 982 1103 pertinet
994 1065 1033 1094 ad
1046 1071 1106 1095 tres
1119 1067 1249 1106 uirgatas

258 1115 334 1139 terre
347 1110 469 1149 integre,
482 1114 513 1139 et
526 1114 660 1148 preterea
670 1109 822 1149 distringit
834 1120 903 1140 eum
915 1109 953 1139 ad
966 1111 1147 1141 reddendum
1162 1113 1191 1142 ei
1204 1123 1249 1142 xx.

258 1156 307 1185 sol.
320 1156 358 1185 de
371 1155 497 1185 redditu.

318 1202 357 1231 Et
371 1201 512 1231 Ricardus
525 1201 608 1230 uenit
626 1205 657 1230 et
674 1201 745 1231 dicit
764 1201 841 1241 quod
858 1202 971 1231 nullum
991 1206 1196 1234 tenementum
1214 1205 1249 1234 de

259 1258 293 1278 eo
303 1251 393 1282 tenet,
402 1251 448 1278 set
456 1258 558 1277 reuera
567 1248 688 1278 tradidit
698 1248 726 1277 ei
736 1251 767 1277 et
780 1248 914 1278 uendidit
925 1249 1073 1287 quandam
1086 1251 1248 1280 custodiam

260 1304 351 1333 usque
371 1294 409 1323 wd
429 1294 587 1323 terminum
606 1295 676 1333 xiiij.
697 1304 838 1323 annorum
859 1295 937 1324 unde
956 1295 984 1324 ei
1005 1295 1126 1325 reddere
1149 1297 1250 1326 debuit

261 1340 382 1379 singulis
399 1340 482 1369 annis
501 1351 546 1369 xx.
560 1341 608 1370 sol.
623 1345 655 1370 et
672 1341 749 1370 unde
767 1341 894 1371 reddidit
913 1342 941 1371 ei
959 1352 1011 1380 pre
1031 1344 1169 1373 manibus
1188 1344 1250 1372 red-

261 1387 356 1415 ditum
370 1387 405 1425 vj.
419 1397 568 1421 annorum,
581 1392 611 1416 et
625 1388 702 1417 unde
715 1392 810 1417 asetro
822 1392 892 1416 sunt
904 1388 1000 1417 adhuc
1011 1388 1049 1417 de
1064 1390 1191 1419 termino
1204 1391 1250 1428 vij.

261 1432 338 1467 anni,
351 1436 382 1461 et
396 1432 443 1471 vij.
456 1433 526 1461 anni
540 1433 597 1462 iam
612 1433 789 1462 transierunt
806 1437 838 1462 et
856 1434 933 1462 unde
951 1434 979 1462 ei
998 1439 1095 1464 aretro
1114 1442 1185 1465 sunt
1205 1447 1250 1465 xx.

262 1478 310 1508 sol.
324 1479 361 1508 de
374 1478 490 1508 redditu
504 1479 590 1508 unius
603 1480 679 1508 anni.

117 1533 167 1551 Nou
174 1532 225 1555 qno-i
321 1525 360 1554 Et
374 1525 537 1554 Willelmus
550 1526 633 1554 uenit
646 1530 677 1555 et
695 1526 840 1565 cognoscit
858 1527 934 1565 quod
951 1531 1109 1566 antequam
1130 1528 1250 1558 haben-t

116 1554 149 1571 ubl
156 1554 213 1571 hmo

115 1574 246 1617 &maffiss‘m
262 1564 405 1610 quoddn'm
419 1572 595 1601 escambium
609 1572 685 1611 quod
699 1583 775 1602 nunc
789 1576 870 1602 tenet
883 1573 985 1602 debuit
998 1574 1117 1603 reddere
1129 1576 1251 1614 singulis

116 1618 228 1655 2:¹²&ss
262 1618 347 1647 annis
366 1629 412 1648 xx.
425 1619 474 1647 sol.
489 1623 520 1647 et
539 1618 617 1657 quod
636 1622 732 1648 totum
752 1619 841 1648 soluit
859 1629 910 1658 pre
931 1620 1072 1654 manibus,
1093 1626 1140 1649 set
1161 1622 1249 1651 nichil

116 1659 247 1717 ffffifflgfflt
262 1664 330 1693 inde
351 1665 486 1698 ostendit,
507 1665 717 1703 cyrographum
741 1674 793 1694 nec
816 1665 961 1703 scriptum.
1003 1666 1042 1694 Et
1064 1667 1136 1705 quia
1162 1668 1251 1697 breue

116 1720 234 1759 ffi'ssfflssm
263 1719 320 1739 non
340 1710 469 1748 loquitur
487 1710 524 1739 de
543 1710 640 1749 aliquo
661 1714 835 1745 tenemento,
851 1721 904 1740 nec
923 1711 1020 1745 libero,
1034 1721 1087 1740 nec
1106 1713 1174 1747 alio,
1189 1714 1252 1743 ideo

262 1757 474 1786 consideratum
498 1761 543 1786 est
565 1757 642 1795 quod
666 1757 806 1786 Ricardus
828 1757 945 1795 quietus
968 1757 1004 1786 de
1028 1757 1082 1787 hoc
1106 1759 1198 1789 breue
1223 1767 1252 1789 ot

263 1803 427 1832 Willelmus
439 1803 470 1832 in
483 1803 683 1833 misericordia.

619 1988 684 2010 END
704 1988 743 2010 OF
763 1987 831 2010 VOL,
852 1988 883 2010 11.

936 2033 969 2052 A

298 2232 441 2250 CAmXME:
453 2232 553 2248 'lumb
563 2232 592 2247 n!
601 2232 622 2247 0.
630 2231 649 2248 J,
658 2232 721 2251 CMY,
729 2232 776 2247 Ed.
784 2226 804 2248 ἅ
814 2231 876 2251 loun.
885 2231 912 2247 n·
921 2231 968 2247 ΤΒΙ
980 2231 1119 2248 uxxvxmm
1130 2232 1211 2250 ”BER-
